<?xml version="1.0" encoding="UTF-8"?><collection xmlns="http://www.loc.gov/MARC21/slim"><record><leader>00594nam--2200181-i-4500</leader><controlfield tag="001">000000093</controlfield><controlfield tag="002">20161230</controlfield><controlfield tag="005">20161230201023</controlfield><controlfield tag="008">060222s1000------------r-----000-0-fre-d</controlfield><datafield ind1=" " ind2=" " tag="040"><subfield code="a">IFIN-HH</subfield></datafield><datafield ind1=" " ind2=" " tag="041"><subfield code="a">fre</subfield></datafield><datafield ind1=" " ind2=" " tag="080"><subfield code="a">532.783:539.143.43(043)</subfield></datafield><datafield ind1=" " ind2="1" tag="100"><subfield code="a">Germain, Jean-paul</subfield></datafield><datafield ind1="1" ind2="0" tag="245"><subfield code="a">Etude par resonance magnetique des mouvements moleculaires et dans la phase cinematique des cristaux liquides m.b.b.a. et e.b.b.a</subfield><subfield code="b">These</subfield><subfield code="c">Jean-paul germain</subfield></datafield><datafield ind1=" " ind2=" " tag="260"><subfield code="a">Paris</subfield><subfield code="b">Universite De Clermont-ferrand</subfield><subfield code="c">1977</subfield></datafield><datafield ind1=" " ind2=" " tag="300"><subfield code="a">263 P</subfield></datafield><datafield ind1=" " ind2=" " tag="852"><subfield code="a">46344</subfield><subfield code="c">539.143.43</subfield></datafield><datafield ind1=" " ind2=" " tag="CAT"><subfield code="a">Sys</subfield><subfield code="c">20120510</subfield><subfield code="h">131201</subfield></datafield></record></collection>